<record><leader>00000cas a22000007a 4500</leader><controlfield tag="001">37425926</controlfield><controlfield tag="008">970806d1891189utnuwr ne      0    0eng d</controlfield><datafield ind1=" " ind2=" " tag="010"><subfield code="a">sn 97065145 </subfield></datafield><datafield ind1=" " ind2=" " tag="040"><subfield code="a">TGN</subfield><subfield code="b">eng</subfield><subfield code="c">TGN</subfield><subfield code="d">OCLCQ</subfield><subfield code="d">OCLCF</subfield><subfield code="d">OCLCO</subfield></datafield><datafield ind1="1" ind2=" " tag="029"><subfield code="a">AU@</subfield><subfield code="b">000013434847</subfield></datafield><datafield ind1=" " ind2=" " tag="042"><subfield code="a">msc</subfield></datafield><datafield ind1=" " ind2=" " tag="043"><subfield code="a">n-us-tn</subfield></datafield><datafield ind1="0" ind2=" " tag="130"><subfield code="a">Erwin magnet (Erwin, Tenn. : 1891)</subfield></datafield><datafield ind1="1" ind2="4" tag="245"><subfield code="a">The Erwin magnet.</subfield></datafield><datafield ind1=" " ind2=" " tag="260"><subfield code="a">Erwin, Tenn. :</subfield><subfield code="b">J.F. Toney</subfield></datafield><datafield ind1=" " ind2=" " tag="300"><subfield code="a">v.</subfield></datafield><datafield ind1=" " ind2=" " tag="310"><subfield code="a">Weekly</subfield></datafield><datafield ind1="1" ind2=" " tag="362"><subfield code="a">Began in 1891.</subfield></datafield><datafield ind1=" " ind2=" " tag="500"><subfield code="a">Editor: Jackson Hale, &lt;1892&gt;</subfield></datafield><datafield ind1=" " ind2=" " tag="588"><subfield code="a">Description based on: Vol. 2, whole no. 55 (Mar. 31, 1892).</subfield></datafield><datafield ind1=" " ind2="0" tag="651"><subfield code="a">Erwin (Tenn.)</subfield><subfield code="v">Newspapers.</subfield></datafield><datafield ind1=" " ind2="0" tag="651"><subfield code="a">Unicoi County (Tenn.)</subfield><subfield code="v">Newspapers.</subfield></datafield><datafield ind1=" " ind2="7" tag="655"><subfield code="a">Newspapers.</subfield><subfield code="2">fast</subfield><subfield code="0">(OCoLC)fst01423814</subfield></datafield><datafield ind1=" " ind2="7" tag="651"><subfield code="a">Tennessee</subfield><subfield code="z">Erwin.</subfield><subfield code="2">fast</subfield><subfield code="0">(OCoLC)fst01215695</subfield></datafield><datafield ind1=" " ind2="7" tag="651"><subfield code="a">Tennessee</subfield><subfield code="z">Unicoi County.</subfield><subfield code="2">fast</subfield><subfield code="0">(OCoLC)fst01215697</subfield></datafield><datafield ind1=" " ind2=" " tag="752"><subfield code="a">United States</subfield><subfield code="b">Tennessee</subfield><subfield code="c">Unicoi</subfield><subfield code="d">Erwin.</subfield></datafield><datafield ind1="0" ind2="0" tag="785"><subfield code="t">Erwin weekly magnet</subfield><subfield code="w">(DLC)sn 89058077</subfield></datafield></record>